@article{regulation2016regulation,
  title={Regulation (EU) 2016/679 of the European Parliament and of the Council of 27 April 2016 on the protection of natural persons with regard to the processing of personal data and on the free movement of such data, and repealing Directive 95/46},
  author={Regulation, General Data Protection},
  journal={Official Journal of the European Union (OJ)},
  volume={59},
  pages={1--88},
  year={2016}
}

@phdthesis{nelson2017private,
  title={Private information and price regulation In the US credit card market},
  author={Nelson, Scott Thomas},
  year={2017},
  school={Massachusetts Institute of Technology}
}

@article{orito2008socio,
  title={Socio-cultural analysis of personal information leakage in Japan},
  author={Orito, Yohko and Murata, Kiyoshi},
  journal={Journal of Information, Communication and Ethics in Society},
  volume={6},
  number={2},
  pages={161--171},
  year={2008},
  publisher={Emerald Group Publishing Limited}
}

@misc{Failure,
AUTHOR      = {James Vail and Fernando Ferrante and Jeff Mitman},
TITLE       = {Generic Failure Rate Evaluation for Jocassee Dam},
ORGANIZATION = {UNITED STATES NUCLEAR REGULATORY COMMISSION},
YEAR        = {2010},
NOTE        = {},
URL         = {https://www.nrc.gov/docs/ML1303/ML13039A084.pdf}
}

@misc{Wiki_bathtub,
TITLE       = {Bathtub curve},
ORGANIZATION = {Wikipedia},
URL         = {https://en.wikipedia.org/wiki/Bathtub_curve}
}


@inproceedings{pak2010twitter,
  title={Twitter as a Corpus for Sentiment Analysis and Opinion Mining},
  author={Pak, Alexander and Paroubek, Patrick},
  booktitle={International Conference on Language Resources and Evaluation, Lrec 2010, 17-23 May 2010, Valletta, Malta},
  year={2010},
}

@article{gkatzelis2015pricing,
  title={Pricing private data},
  author={Gkatzelis, Vasilis and Aperjis, Christina and Huberman, Bernardo A},
  journal={Electronic Markets},
  volume={25},
  number={2},
  pages={109--123},
  year={2015},
  publisher={Springer}
}

@article{schwartz2013personality,
  title={Personality, gender, and age in the language of social media: The open-vocabulary approach},
  author={Schwartz, H Andrew and Eichstaedt, Johannes C and Kern, Margaret L and Dziurzynski, Lukasz and Ramones, Stephanie M and Agrawal, Megha and Shah, Achal and Kosinski, Michal and Stillwell, David and Seligman, Martin EP and others},
  journal={PloS One},
  volume={8},
  number={9},
  pages={e73791},
  year={2013},
  publisher={Public Library of Science}
}


@article{traud2011comparing,
  title={Comparing community structure to characteristics in online collegiate social networks},
  author={Traud, Amanda L and Kelsic, Eric D and Mucha, Peter J and Porter, Mason A},
  journal={SIAM Review},
  volume={53},
  number={3},
  pages={526--543},
  year={2011},
  publisher={SIAM}
}

@misc{New_Dam,
AUTHOR      = {Jacques Leslie},
TITLE       = {One of Africa's Biggest Dams Is Falling Apart},
ORGANIZATION = {The New Yorker},
YEAR        = {2016},
URL         = {http://www.newyorker.com/tech/elements/one-of-africas-biggest-dams-is-falling-apart}
}

@misc{Reu_Dam,
TITLE       = {Zambia, Zimbabwe to start Kariba dam repairs in early 2017},
ORGANIZATION = {REUTERS AFRICA},
YEAR        = {2016},
URL         = {http://af.reuters.com/article/zambiaNews/idAFL5N17T1OI}
}

@misc{WCD_Dam,
TITLE       = {Kariba Dam-Case Study},
ORGANIZATION = {World Commission on Dams},
YEAR        = {2010},
URL         = {http://202.120.0.1/cache/1/03/nanjing-school.com/897d9a2a02069bb2075b729dd8c33afb/World_Commission_on_Dams_2000_Case_Study_Kariba_Dam_Final_Report_November_2000-2etc5lv.pdf}
}

@book{mankiw2014principles,
  title={Principles of macroeconomics},
  author={Mankiw, N Gregory},
  year={2014},
  publisher={Cengage Learning}
}

@misc{Wiki_Kariba,
TITLE       = {Kariba Dam},
ORGANIZATION = {Wikipedia},
URL         = {https://en.wikipedia.org/wiki/Kariba_Dam}
}

@misc{Wiki_Manning,
TITLE       = {Manning formula},
ORGANIZATION = {Wikipedia},
URL         = {https://en.wikipedia.org/wiki/Manning_formula}
}

@misc{Wiki_Chi,
TITLE       = {Chi-squared test},
ORGANIZATION = {Wikipedia},
URL         = {https://en.wikipedia.org/wiki/Chi-squared_test}
}


@misc{Wiki_Hydro,
TITLE       = {Hydropower},
ORGANIZATION = {Wikipedia},
URL         = {https://en.wikipedia.org/wiki/Hydropower}
}

@misc{WB_Basin,
TITLE       = {The Zambezi River Basin : A Multi-Sector Investment Opportunities Analysis - Basin Development Scenarios},
ORGANIZATION = {World Bank},
year={2010},
URL         = {https://openknowledge.worldbank.org/handle/10986/2959}
}

@misc{Edu_Reservoir,
TITLE       = {Determination of reservoir storage capacity},
ORGANIZATION = {Education},
URL         = {http://www.slideshare.net/chingtonymbuma/determination-of-reservoir-storage-capacity}
}

@ARTICLE{finite,
AUTHOR      = {YANG Qiang, WU Hao, ZHOU Wei-yuan},
TITLE       = {STRESS EVALUATION IN FINITE ELEMENT ANALYSIS OF DAMS},
JOURNAL     = {Engineering Mechanics(In Chinese)},
YEAR        = {2006},
Volume      = {23(1)},
Pages       = {69-73}
}

@ARTICLE{Jay_Rules,
AUTHOR      = {Jay R. Lund, Joel Guzman},
TITLE       = {Some Derived Operating Rules for Reservoirs in Series or in Parallel},
JOURNAL     = {Journal of Water Resources Planning and Management},
YEAR        = {1999},
Volume      = {125(3)},
Pages       = {143-153}
}

@ARTICLE{Kelman,
AUTHOR      = {J.Kelman and J.P.DAMAZIO},
TITLE       = {The Determination of Flood Control Volumes in a Multireservoir System},
JOURNAL     = {Journal of Water Resources Planning and Management},
YEAR        = {1989},
Volume      = {25(3)},
Pages       = {337-344}
}

@ARTICLE{Karishma,
AUTHOR      = {Karishma S. Inamdar and Hari Shankar R L and Ishani Salari},
TITLE       = {Space Debris Removal System},
JOURNAL     = {International Journal of Emerging Technology and Advanced Engineering},
YEAR        = {2013},
Volume      = {3},
Pages       = {126-129}
}

@conference{Liou,
AUTHOR       = {J.-C. Liou and Nicholas L. Johnson},
TITLE        = {A Sensitivity Study of the Effectiveness of Active Debris Removal in LEO},
BOOKTITLE    = {The International Astronautical Congress},
YEAR         = {2007},
Volume       = {64},
Number       = {2-3},
Pages        = {236-243}
}

@misc{Logsdon,
AUTHOR      = {John M. Logsdon},
TITLE       = {Just Say Wait to Space Power},
ORGANIZATION = {Issues in Science and Technology},
YEAR        = {2001},
NOTE        = {},
URL         = {http://www.issues.org/17.3/p_logsdon.htm}
}

@misc{NASA_fig_1,
TITLE       = {Orbital Debris Graphics},
ORGANIZATION = {NASA},
URL         = {http://orbitaldebris.jsc.nasa.gov/photogallery/beehives.html}
}

@misc{Wiki_orbits,
TITLE       = {List of orbits},
ORGANIZATION = {Wikipedia},
URL         = {https://en.wikipedia.org/wiki/List_of_orbits}
}

@misc{Jakhu,
AUTHOR      = {R. Jakhu},
TITLE       = {Active Debris Removal--An Essential Mechanism for Ensuring the Safety and Sustainability of Outer Space},
ORGANIZATION = {the International Interdisciplinary Congress on Space Debris Remediation and On-Orbit Satellite Servicing},
YEAR        = {2012},
NOTE        = {Item 14 of the draft provisional agenda}
}

@ARTICLE{Kessler,
AUTHOR      = {Donald J. Kessler and Burton G. Cour-Palais},
TITLE       = {Collision Frequency of Aritificial Satellites: The Creation of a Debris Belt},
JOURNAL     = {Journal of Geophysical Research},
YEAR        = {1978},
Volume      = {83},
Pages       = {2637-2646}
}

@misc{Wiki_debris,
TITLE       = {Space Debris},
ORGANIZATION = {Wikipedia},
URL         = {https://en.wikipedia.org/wiki/Space_debris}
}

@book{ORDEM,
AUTHOR      = {Jer-Chyi Liou and Mark J. Matney and Phillip D. Anz-Meador and Donald Kessler and Mark Jansen and Jeffery R. Theall},
TITLE       = {The New NASA Orbital Debris Engineering Model ORDEM2000},
PUBLISHER   = {National Aeronautics and Space Administration},
YEAR        = {2002}
}

@book{Pearson,
AUTHOR      = {Jerome Pearson and Eugene Levin and Joseph Carroll},
TITLE       = {Commercial Space Debris Removal},
PUBLISHER   = {Space Safety Magazine},
YEAR        = {2011}
}

@conference{Zhang,
AUTHOR       = {Ze Zhang},
TITLE        = {Space Debris and Present Active Debris Removal Techniques},
BOOKTITLE    = {Beijing Space Sustainability Conference},
YEAR         = {2011},
Pages        = {}
}

@conference{McKnight,
AUTHOR       = {Darren McKnight},
TITLE        = {Pay Me Now or Pay Me More Later: Start the Development of Active Orbital Debris Removal Now},
BOOKTITLE    = {Advanced Maui Optical and Space Surveillance Technologies Conference},
YEAR         = {2010},
Pages        = {}
}

@misc{Oliver,
AUTHOR      = {St\acute{e}phane Oliver and Antoine Pugliese},
TITLE       = {Active Debris Removal: A Business Opportunity?},
ORGANIZATION = {Toulouse Business School},
YEAR        = {2015}
}

@misc{Lehnert,
AUTHOR      = {Christopher Lehnert},
TITLE       = {Space Debris Removal for a Sustainable Space Environment},
ORGANIZATION = {European Space Policy Institute},
YEAR        = {2011}
}

@misc{White,
AUTHOR      = {Adam Edward White},
TITLE       = {An Adaptive Strategy to Control the Space Debris Population},
ORGANIZATION = {University of Southhampton},
YEAR        = {2014}
}

@misc{flux,
AUTHOR      = {Donald J. Kessler and Robert C. Reynolds and Phillip D. Anz-Meador},
TITLE       = {Orbital Debris Environment for Spacecraft Designed to Operate in Low Earth Orbit},
ORGANIZATION = {National Aeronautics and Space Administration},
YEAR        = {1989}
}

@misc{Phipps,
AUTHOR      = {Claude R. Phipps and Kevin L. Baker and Stephen B. Libby and Duane A. Liedahl and Scot S. Olivier and Lyn D. Pleasance and Alexander Rubenchik and James E. Trebes and E. Victor George and Bogdan Marcovici and James P. Reilly and Michael T. Valley},
TITLE       = {Removing Orbital Debris with Pulsed Lasers},
ORGANIZATION = {Advances in Space Research},
YEAR        = {2012}
}

@misc{Pearson2010,
AUTHOR      = {Jerome Pearson and Eugene Levin and John Oldson and Joseph Carroll},
TITLE       = {ElectroDynamic Debris Eliminator (EDDE): Design, Operation, and Ground Support},
ORGANIZATION = {Star Technology and Research Inc Mount Pleasant SC},
YEAR        = {2010}
}

@misc{Pardini,
AUTHOR      = {Carmen Pardini and Toshiya Hanada and Paula H. Krisko},
TITLE       = {Benefits And Risks Of Using Electrodynamic Tethers To De-orbit Spacecraft},
ORGANIZATION = {Acta Astronautica},
YEAR        = {2009}
}

@misc{Visagie,
AUTHOR      = {Lourens Visagie and Theodoros Theodorou},
TITLE       = {Hybrid Solar Sails for Active Debris Removal},
ORGANIZATION = {Acta Astronautica},
YEAR        = {2013}
}

@misc{Beckett,
AUTHOR      = {Dave Beckett and Bryce Carpenter},
TITLE       = {Rapid De-Orbit of LEO Space Vehicles Using Towed Rigidizable Inlatable Structure (TRIS) Technology: Concept and Feasibility Assessment},
ORGANIZATION = {Ball Aerospace and Technologies Corp},
YEAR        = {2004}
}

@misc{Andrenucci,
AUTHOR      = {M. Andrenucci and P. Pergola and A. Ruggiero},
TITLE       = {Active Removal of Space Debris Expanding Foam Application for Active Debris Removal},
ORGANIZATION = {University of Pisa - Aerospace Engineering Department - Italy},
YEAR        = {2011}
}

@conference{Braun,
AUTHOR      = {Vitali Braun and E. Schulz and C. Wiedemann},
TITLE       = {Cost Estimation for the Active Debris Removal of Multiple Priority Targets},
BOOKTITLE    = {The 40th COSPAR Scientific Assembly},
YEAR         = {2014},
Pages        = {}
}

@conference{Walker,
AUTHOR      = {R. Walker and C.E. Martin},
TITLE       = {Cost-effective and robust mitigation of space debris in low earth orbit},
BOOKTITLE    = {Advances in Space Research},
YEAR         = {2004},
Pages        = {}
}

@misc{random_thoughts,
TITLE       = {Random Thoughts: Space Debris Cleanup Funding Mechanism},
ORGANIZATION = {Selenian Boondocks},
URL         = {http://selenianboondocks.com/2015/12/random-thoughts-space-debris-cleanup-funding-mechanism/}
}

@misc{rethinkingdavid,
AUTHOR      = {Davis, Marc and Ron Martinez and Chris Kalaboukis},
TITLE       = {Rethinking Personal Information - Workshop Pre-read.},
ORGANIZATION = {Invention Arts and World Economic Forum},
YEAR        = {2010},
}

@techreport{datareinsel,
     title = {Data Age 2025: The Evolution of Data to Life-Critical},
     author = {Reinsel David and Gantz John and Rydning John},
     year = {2017},
     institution = {seagate.com. Framingham, MA, US: International Data Corporation},
     month = {04},
}

@misc{wiki_big_data,
TITLE       = {Big data},
ORGANIZATION = {Wikipedia},
URL         = {https://en.wikipedia.org/wiki/Big_data}
}

@article{lv2015traffic,
  title={Traffic flow prediction with big data: a deep learning approach},
  author={Lv, Yisheng and Duan, Yanjie and Kang, Wenwen and Li, Zhengxi and Wang, Fei-Yue},
  journal={IEEE Transactions on Intelligent Transportation Systems},
  volume={16},
  number={2},
  pages={865--873},
  year={2015},
  publisher={IEEE}
}

@article{bates2014big,
  title={Big data in health care: using analytics to identify and manage high-risk and high-cost patients},
  author={Bates, David W and Saria, Suchi and Ohno-Machado, Lucila and Shah, Anand and Escobar, Gabriel},
  journal={Health Affairs},
  volume={33},
  number={7},
  pages={1123--1131},
  year={2014}
}


@inproceedings{gross2005information,
  title={Information revelation and privacy in online social networks},
  author={Gross, Ralph and Acquisti, Alessandro},
  booktitle={ACM Workshop on Privacy in the Electronic Society},
  pages={71-80},
  year={2005},
}

@misc{wiki_data_breach,
TITLE       = {Data breach},
ORGANIZATION = {Wikipedia},
URL         = {https://en.wikipedia.org/wiki/Data_breach}
}

@article{debatin2009facebook,
  title={Facebook and online privacy: Attitudes, behaviors, and unintended consequences},
  author={Debatin, Bernhard and Lovejoy, Jennette P and Horn, Ann-Kathrin and Hughes, Brittany N},
  journal={Journal of Computer-Mediated Communication},
  volume={15},
  number={1},
  pages={83--108},
  year={2009},
  publisher={Wiley Online Library}
}

@article{uniquenesssweeney,
author = {Sweeney, L},
year = {2000},
month = {01},
pages = {},
title = {Uniqueness of Simple Demographics in the US Population},
booktitle = {LIDAP-WP4. Carnegie Mellon University, Laboratory for International Data Privacy, Pittsburgh, PA}
}

@InProceedings{treeit2014tsai,
    author = {Tsai T-H and Chang H-T and Chen Y-J and Hu Y-H and Lin D-H and Kuo C-C and Yang T-Y},
    title = {{TreeIt}: an application to create, maintain, and enhance online social connections},
    booktitle = {Networking and Electronic Commerce Conference (NAEC)},
    year = 2014,
    publisher = {NAEC2014},
}

@misc{IBMreport,
author = {Peter Allor},
title = {Cost of Data Breach Study},
year = {2017}, 
howpublished = "\url{https://www.ibm.com/security/data-breach}"}

@book{Detemple2016The,
  title={The Private Information Price of Risk},
  author={Detemple, Jérôme and Rindisbacher, Marcel},
  publisher={Palgrave Macmillan UK},
  year={2016},
}

@article{brustein2012start,
  title={Start-ups seek to help users put a price on their personal data},
  author={Brustein, Joshua},
  journal={The New York Times},
  volume={12},
  number={3},
  year={2012}
}

@inproceedings{gross2005information,
  title={Information revelation and privacy in online social networks},
  author={Gross, Ralph and Acquisti, Alessandro},
  booktitle={Proceedings of the 2005 ACM workshop on Privacy in the electronic society},
  pages={71--80},
  year={2005},
  organization={ACM}
}

@article{khobzi2014significant,
  title={How significant are users' opinions in social media?},
  author={Khobzi, Hamid and Teimourpour, Babak},
  journal={International Journal of Accounting \& Information Management},
  volume={22},
  number={4},
  pages={254--272},
  year={2014},
  publisher={Emerald Group Publishing Limited}
}

@article{wallace2014likes,
  title={Who ``likes'' you and why? A typology of facebook fans: From ``fan''-atics and self-expressives to utilitarians and authentics},
  author={Wallace, Elaine and Buil, Isabel and de Chernatony, Leslie and Hogan, Michael},
  journal={Journal of Advertising Research},
  volume={54},
  number={1},
  pages={92--109},
  year={2014},
  publisher={Journal of Advertising Research}
}

@article{mcauley2014discovering,
  title={Discovering social circles in ego networks},
  author={Mcauley, Julian and Leskovec, Jure},
  journal={ACM Transactions on Knowledge Discovery from Data (TKDD)},
  volume={8},
  number={1},
  pages={1-28},
  year={2014},
  publisher={ACM}
}


@book{shapiro1998information,
  title={Information Rules: A Strategic Guide to the Network Economy},
  author={Shapiro, Carl and Varian, Hal R},
  year={1998},
  publisher={Harvard Business Press}
}


@article{act1974privacy,
  title={The Privacy Act of 1974.},
  author={O'Reilly, James T},
  journal={Censorship},
  volume={61},
  number={2},
  pages={7},
  year={1975},
}

@misc{value_report,
author = {Emily Steel and Callum Locke and Emily Cadman and Ben Freese},
title = {How much is your personal data worth?},
year = {2013}, 
organization = {Financial Times},
howpublished = "\url{https://ig.ft.com/how-much-is-your-personal-data-worth}"}

@book{graham2008facebook,
  title={Facebook API developers guide},
  author={Graham, Wayne},
  year={2008},
  publisher={Infobase Publishing}
}
